@article{PNAS,
  title={High-throughput biochemical profiling reveals sequence determinants of dCas9 off-target binding and unbinding},
  author={Boyle, Evan A and Andreasson, Johan OL and Chircus, Lauren M and Sternberg, Samuel H and Wu, Michelle J and Guegler, Chantal K and Doudna, Jennifer A and Greenleaf, William J},
  journal={Proceedings of the National Academy of Sciences},
  volume={114},
  number={21},
  pages={5461--5466},
  year={2017},
  publisher={National Acad Sciences}
}

@article{Misha,
  title={The Kinetic Basis Of CRISPR-Cas Off-Targeting Rules},
  author={Klein, Misha and Eslami-Mossallam, Behrouz and Arroyo, Dylan Gonzalez and Depken, Martin},
  journal={bioRxiv},
  pages={143602},
  year={2017},
  publisher={Cold Spring Harbor Labs Journals}
}

@article{SA,
  title={Optimization by simulated annealing},
  author={Kirkpatrick, Scott and Gelatt, C Daniel and Vecchi, Mario P},
  journal={science},
  volume={220},
  number={4598},
  pages={671--680},
  year={1983},
  publisher={American Association for the Advancement of Science}
}

@article{brune1993predicting,
  title={Predicting protein diffusion coefficients.},
  author={Brune, Douglas and Kim, Sangtae},
  journal={Proceedings of the National Academy of Sciences},
  volume={90},
  number={9},
  pages={3835--3839},
  year={1993},
  publisher={National Acad Sciences}
}

@article{gilbert2014genome,
  title={Genome-scale CRISPR-mediated control of gene repression and activation},
  author={Gilbert, Luke A and Horlbeck, Max A and Adamson, Britt and Villalta, Jacqueline E and Chen, Yuwen and Whitehead, Evan H and Guimaraes, Carla and Panning, Barbara and Ploegh, Hidde L and Bassik, Michael C and others},
  journal={Cell},
  volume={159},
  number={3},
  pages={647--661},
  year={2014},
  publisher={Elsevier}
}


@article{polstein2015light,
  title={A light-inducible CRISPR-Cas9 system for control of endogenous gene activation},
  author={Polstein, Lauren R and Gersbach, Charles A},
  journal={Nature chemical biology},
  volume={11},
  number={3},
  pages={198},
  year={2015},
  publisher={Nature Publishing Group}
}

@article{theatlantic,
author = {Ed Yong},
title = {CRISPR's Most Exciting Uses Have Nothing to Do With Gene-Editing},
journal = {The Atlantic},
year = {2016},
month = {January},
}
